<?xml version="1.0" encoding="UTF-8"?><collection xmlns="http://www.loc.gov/MARC21/slim"><record><leader>00414nam--2200157-i-4500</leader><controlfield tag="001">000046727</controlfield><controlfield tag="002">20161230</controlfield><controlfield tag="005">20170110225629</controlfield><controlfield tag="008">060222s1000------------r-----000-0-eng-d</controlfield><datafield ind1=" " ind2=" " tag="080"><subfield code="a">681.3.068:681.3.012</subfield></datafield><datafield ind1=" " ind2=" " tag="100"><subfield code="a">Wadsworth, Nat</subfield></datafield><datafield ind1=" " ind2=" " tag="245"><subfield code="a">Z 80. instruction handbook</subfield></datafield><datafield ind1=" " ind2=" " tag="260"><subfield code="a">Hasbrouk Heights, New Jersey</subfield><subfield code="b">Hayden Book Co., Inc</subfield><subfield code="c">1978</subfield></datafield><datafield ind1=" " ind2=" " tag="300"><subfield code="a">/P.D.</subfield></datafield><datafield ind1=" " ind2=" " tag="852"><subfield code="a">71589</subfield></datafield><datafield ind1=" " ind2=" " tag="CAT"><subfield code="a">SYS</subfield><subfield code="c">20170110</subfield><subfield code="h">225629</subfield></datafield></record></collection>